<?xml version="1.0" encoding="utf-8"?>
<record xmlns="http://www.loc.gov/MARC21/slim" xmlns:xsi="http://www.w3.org/2001/XMLSchema-instance" xsi:schemaLocation="http://www.loc.gov/MARC21/slim http://www.loc.gov/standards/marcxml/schema/MARC21slim.xsd">
	<leader>     nam a22     Mi 4500</leader>
	<controlfield tag="001">894590</controlfield>
	<controlfield tag="003">NjP</controlfield>
	<controlfield tag="006">m        d        </controlfield>
	<controlfield tag="007">cr cn |||m|||a</controlfield>
	<controlfield tag="008">190124m19879999ir      oi    000 0 ara d</controlfield>
	<datafield ind1=" " ind2=" " tag="040">
		<subfield code="a">ZYU</subfield>
		<subfield code="b">ara</subfield>
		<subfield code="e">rda</subfield>
		<subfield code="c">ZYU</subfield>
	</datafield>
	<datafield ind1="1" ind2="4" tag="050">
		<subfield code="a">BP193.27</subfield>
		<subfield code="b">.F537 1987</subfield>
	</datafield>
	<datafield ind1="0" ind2="0" tag="245">
		<subfield code="6">880-01</subfield>
		<subfield code="a">Fihris aḥādīth Ahl al-Bayt ʻalayhum al-salām /</subfield>
		<subfield code="c">iʻdād Majmaʻ al-Buḥūth al-Islāmīyah.</subfield>
	</datafield>
	<datafield ind1=" " ind2=" " tag="250">
		<subfield code="6">880-02</subfield>
		<subfield code="a">al-Ṭabʻah 1.</subfield>
	</datafield>
	<datafield ind1=" " ind2=" " tag="260">
		<subfield code="6">880-03</subfield>
		<subfield code="a">Mashhad, Īrān :</subfield>
		<subfield code="b">Majmaʻ al-Buḥūth al-Islāmīyah,</subfield>
		<subfield code="c">1408- [1987 or 1988-]</subfield>
	</datafield>
	<datafield ind1=" " ind2=" " tag="300">
		<subfield code="a">online resource (volumes)</subfield>
	</datafield>
	<datafield ind1=" " ind2=" " tag="336">
		<subfield code="a">text</subfield>
		<subfield code="2">rdacontent</subfield>
	</datafield>
	<datafield ind1=" " ind2=" " tag="337">
		<subfield code="a">computer</subfield>
		<subfield code="2">rdamedia</subfield>
	</datafield>
	<datafield ind1=" " ind2=" " tag="338">
		<subfield code="a">online resource</subfield>
		<subfield code="2">rdacarrier</subfield>
	</datafield>
	<datafield ind1=" " ind2=" " tag="500">
		<subfield code="a">Cover title.</subfield>
	</datafield>
	<datafield ind1=" " ind2=" " tag="500">
		<subfield code="a">Part of the Arabic Collections Online (ACO) project, contributed by Princeton University Libraries.</subfield>
	</datafield>
	<datafield ind1="1" ind2=" " tag="505">
		<subfield code="a">al-juzʼ 1. al-Āmālī / lil-Shaykh al-Ṣadūq -- al-juzʼ 2. ʻIlal al-sharāyiʻ / lil-Shaykh al-Ṣadūq -- al-juzʼ 3. Kitāb al-khiṣāl / lil-Shaykh al-Ṣadūq -- al-juzʼ 4. Kamāl al-Dīn / lil-Shaykh al-Ṣadūq -- al-juzʼ 5. ʻUyūn akhbār al-Riḍā / lil-Shaykh al-Ṣadūq -- al-juzʼ 6. al-Tawḥīd / lil-Shaykh al-Ṣadūq -- al-juzʼ 7. Maʻānī al-akhbār / lil-Shaykh al-Ṣadūq -- al-juzʼ 8. Man lā yaḥḍaruhu al-faqīh / lil-Shaykh al-Ṣadūq -- al-juzʼ 9. Thawāb al-aʻmāl wa-ʻiqāb al-aʻmāl / lil-Shaykh al-Ṣadūq -- al-juzʼ 10-14. al-Mawāʻiẓ-Muṣādaqat al-ikhwān-Faḍāʼil al-shīʻah-Ṣifāt al-shīʻah-Faḍāʼil al-ashhur al-thalāthah / lil-Shaykh al-Ṣadūq -- al-juzʼ 15. al-Muqniʻ wa-al-hidāyah / lil-Shaykh al-Ṣadūq -- al-juzʼ 16. al-Ūṣūl min al-Kāfī / lil-Kulaynī al-Rāzī -- al-juzʼ 18. al-Rawḍah min al-Kāfī / lil-Kulaynī al-Rāzī -- al-juzʼ 19-21. al-Āmālī-al-Irshād-al-Ikhtiṣāṣ / lil-Shaykh al-Mufīd -- al-juzʼ 22. al-Istibṣār / lil-Shaykh al-Ṭūsī -- al-juzʼ 24-25. al-Āmālī-al-Ghaybah / lil-Shaykh al-Ṭūsī -- al-juzʼ 27. al-Furūʻ min al-Kāfī / lil-Kulaynī al-Rāzī.</subfield>
	</datafield>
	<datafield ind1=" " ind2=" " tag="533">
		<subfield code="a">Electronic reproduction.</subfield>
		<subfield code="b">New York, N.Y. :</subfield>
		<subfield code="c">New York University,</subfield>
		<subfield code="d">2019.</subfield>
		<subfield code="5">NNU</subfield>
	</datafield>
	<datafield ind1=" " ind2="0" tag="650">
		<subfield code="a">Hadith (Shiites)</subfield>
		<subfield code="v">Indexes.</subfield>
	</datafield>
	<datafield ind1=" " ind2="7" tag="650">
		<subfield code="a">Hadith (Shiites)</subfield>
		<subfield code="2">fast</subfield>
		<subfield code="0">(OCoLC)fst00950138</subfield>
	</datafield>
	<datafield ind1=" " ind2="7" tag="655">
		<subfield code="a">Indexes.</subfield>
		<subfield code="2">fast</subfield>
		<subfield code="0">(OCoLC)fst01423761</subfield>
	</datafield>
	<datafield ind1="2" ind2=" " tag="710">
		<subfield code="a">Majmaʻ al-Buḥūth al-Islāmīyah.</subfield>
	</datafield>
	<datafield ind1="2" ind2=" " tag="710">
		<subfield code="a">Princeton University.</subfield>
		<subfield code="b">Library.</subfield>
	</datafield>
	<datafield ind1="0" ind2=" " tag="730">
		<subfield code="a">Arabic Collections Online.</subfield>
	</datafield>
	<datafield ind1="0" ind2="8" tag="776">
		<subfield code="i">Print version:</subfield>
		<subfield code="t">Fihris aḥādīth Ahl al-Bayt ʻalayhum al-salām</subfield>
		<subfield code="w">(NjP)894590</subfield>
		<subfield code="w">(OCoLC)30704343</subfield>
	</datafield>
	<datafield ind1="4" ind2="0" tag="856">
		<subfield code="u">http://hdl.handle.net/2333.1/z612jv64</subfield>
	</datafield>
	<datafield ind1="0" ind2="0" tag="880">
		<subfield code="6">245-01</subfield>
		<subfield code="a">فهرس أحاديث أهل البيت عليهم السلام /</subfield>
		<subfield code="c">إعداد مجمع البحوث الاسلامية.</subfield>
	</datafield>
	<datafield ind1=" " ind2=" " tag="880">
		<subfield code="6">250-02</subfield>
		<subfield code="a">الطبعة ١.</subfield>
	</datafield>
	<datafield ind1=" " ind2=" " tag="880">
		<subfield code="6">260-03</subfield>
		<subfield code="a">مشهد، ايران :</subfield>
		<subfield code="c">مجمع البحوث الاسلاميه،</subfield>
		<subfield code="c">-١٤٠٧</subfield>
	</datafield>
	<datafield ind1=" " ind2=" " tag="959">
		<subfield code="a">NNU</subfield>
		<subfield code="b">WEB</subfield>
		<subfield code="c">GENI</subfield>
		<subfield code="t">0</subfield>
		<subfield code="m">Electronic access</subfield>
		<subfield code="s">01</subfield>
	</datafield>
	<datafield ind1=" " ind2=" " tag="999">
		<subfield code="i">NjP_894590</subfield>
		<subfield code="o">(OCoLC)ocm30704343 </subfield>
		<subfield code="s">princeton_aco001348:(juz 1)</subfield>
		<subfield code="s">princeton_aco001347:(juz 2)</subfield>
		<subfield code="s">princeton_aco001346:(juz 3)</subfield>
		<subfield code="s">princeton_aco001345:(juz 4)</subfield>
		<subfield code="s">princeton_aco001344:(juz 5)</subfield>
		<subfield code="s">princeton_aco001343:(juz 6)</subfield>
		<subfield code="s">princeton_aco001342:(juz 7)</subfield>
		<subfield code="s">princeton_aco001340:(juz 8)</subfield>
		<subfield code="s">princeton_aco001351:(juz 9)</subfield>
		<subfield code="s">princeton_aco001350:(juz 10-14)</subfield>
		<subfield code="s">princeton_aco001349:(juz 15)</subfield>
		<subfield code="s">princeton_aco001437:(juz 16)</subfield>
		<subfield code="s">princeton_aco001337:(juz 18)</subfield>
		<subfield code="s">princeton_aco001336:(juz 19-21)</subfield>
		<subfield code="s">princeton_aco001338:(juz 22)</subfield>
		<subfield code="s">princeton_aco001339:(juz 24-25)</subfield>
		<subfield code="s">princeton_aco001341:(juz 27)</subfield>
		<subfield code="e">(ERROR-880)</subfield>
	</datafield>
</record>
